@article{Lasser2020-wo,
  title     = {Creating an executable paper is a journey through Open Science},
  author    = {Lasser, Jana},
  journal   = {Communications Physics},
  publisher = {Nature Publishing Group},
  volume    = 3,
  number    = 1,
  pages     = {1--5},
  month     = aug,
  year      = 2020,
  url       = {https://www.nature.com/articles/s42005-020-00403-4},
  language  = {en}
}


@misc{Close2022-dt,
  title        = {Technical Writing and Publishing {Data-Rich} Articles with
                  Quarto},
  howpublished = {Towards Data Science},
  author       = {Close, Gael},
  month        = sep,
  year         = 2022,
  url          = {https://towardsdatascience.com/technical-writing-and-publishing-data-rich-articles-with-quarto-d61a56bcaa64},
  note         = {Accessed: 2022-9-22},
  language     = {en}
}


@misc{Ieee2020-zv,
  title  = {{IEEE} editorial style manual for authors},
  author = {{IEEE}},
  month  = apr,
  year   = 2020,
  url    = {https://journals.ieeeauthorcenter.ieee.org/your-role-in-article-production/ieee-editorial-style-manual/}
}
